<record><leader>00000cas a22000007a 4500</leader><controlfield tag="001">1764515</controlfield><controlfield tag="008">751101d19311932mnuwr ne      0    0eng d</controlfield><controlfield tag="009">501</controlfield><datafield ind1=" " ind2=" " tag="010"><subfield code="a">sn 90059109 </subfield></datafield><datafield ind1=" " ind2=" " tag="040"><subfield code="a">MUL</subfield><subfield code="b">eng</subfield><subfield code="c">MUL</subfield><subfield code="d">MN#</subfield></datafield><datafield ind1="1" ind2=" " tag="029"><subfield code="a">AU@</subfield><subfield code="b">000025877424</subfield></datafield><datafield ind1=" " ind2=" " tag="042"><subfield code="a">msc</subfield></datafield><datafield ind1=" " ind2=" " tag="043"><subfield code="a">n-us-mn</subfield></datafield><datafield ind1=" " ind2=" " tag="052"><subfield code="a">4144</subfield><subfield code="b">R76</subfield></datafield><datafield ind1=" " ind2=" " tag="052"><subfield code="a">4143</subfield><subfield code="b">R8</subfield></datafield><datafield ind1="0" ind2=" " tag="130"><subfield code="a">Roosevelt reporter (Roosevelt, Minn. : 1931)</subfield></datafield><datafield ind1="0" ind2="4" tag="245"><subfield code="a">The Roosevelt reporter.</subfield></datafield><datafield ind1=" " ind2=" " tag="260"><subfield code="a">Roosevelt, Roseau County, Minn. :</subfield><subfield code="b">Sam S. Sherman,</subfield><subfield code="c">1931-1932.</subfield></datafield><datafield ind1=" " ind2=" " tag="300"><subfield code="a">2 v.</subfield></datafield><datafield ind1=" " ind2=" " tag="310"><subfield code="a">Weekly</subfield></datafield><datafield ind1="0" ind2=" " tag="362"><subfield code="a">Vol. 1, no. 1 (Jan. 1, 1931)-v. 2, no. 9 (Mar. 3, 1932).</subfield></datafield><datafield ind1=" " ind2=" " tag="530"><subfield code="a">Available on microfilm from the Minnesota Historical Society.</subfield></datafield><datafield ind1=" " ind2=" " tag="752"><subfield code="a">United States</subfield><subfield code="b">Minnesota</subfield><subfield code="c">Roseau</subfield><subfield code="d">Roosevelt.</subfield></datafield><datafield ind1="0" ind2="0" tag="780"><subfield code="t">Roosevelt reporter (Roosevelt, Minn. : 1914)</subfield><subfield code="w">(DLC)sn 90059110</subfield></datafield><datafield ind1="0" ind2="7" tag="785"><subfield code="t">Roseau County leader</subfield><subfield code="w">(DLC)sn 90059105</subfield></datafield><datafield ind1="0" ind2="7" tag="785"><subfield code="t">Roseau County leader and Roosevelt reporter</subfield><subfield code="w">(DLC)sn 90059106</subfield></datafield></record>